@misc{strlenDocumentation,
	title = {strlen, wcslen, \_mbslen, \_mbslen\_l, \_mbstrlen, \_mbstrlen\_l},
	url = {https://learn.microsoft.com/pt-br/cpp/c-runtime-library/reference/strlen-wcslen-mbslen-mbslen-l-mbstrlen-mbstrlen-l},
	abstract = {Saiba mais sobre: strlen, wcslen, \_mbslen, \_mbslen\_l, \_mbstrlen, \_mbstrlen\_l},
	language = {pt-br},
	urldate = {2022-11-14},
	author = {TylerMSFT},
	file = {Snapshot:/home/gustavo/snap/zotero-snap/common/Zotero/storage/FZIY4M69/strlen-wcslen-mbslen-mbslen-l-mbstrlen-mbstrlen-l.html:text/html},
        year = 2014,
}

@misc{stringDefinition,
	url = {https://www.cs.odu.edu/~toida/nerzic/390teched/language/definitions.html},
	urldate = {2022-11-15},
	author = {Shunichi Toida},
	file = {https\://www.cs.odu.edu/~toida/nerzic/390teched/language/definitions.html#\:~\:text=A string (also called a,of strings over an alphabet.:/home/gustavo/snap/zotero-snap/common/Zotero/storage/PT7JPDFG/definitions.html:text/html},
        year = 2015,
}